01REMESSA01COBRANCA       00000000000000000000OBRAS SOCIAIS DO PADRE GERALDO237BRADESCO       070115        MX0000004                                                                                                                                                                                                                                                                                     000001
1000000000000000000000090023700099990                         0000000000000000001100000000002N           0  020         301299000000000000000000000  N070115000000000000000000000000000000000000000000000000000000000000000104680969000101AQUINO MAT. CONSTRUÇÃO                  AV.: CAPITÃO ANTÔNIO CARLOS DE SOUZA0SAN            36800000                                                            000002
9                                                                                                                                                                                                                                                                                                                                                                                                         000003
