01REMESSA01COBRANCA       00000000000000000000OBRAS SOCIAIS DO PADRE GERALDO237BRADESCO       070115        MX0000003                                                                                                                                                                                                                                                                                     000001
1000000000000000000000090023700099990                         0000000000000000001100000000002N           0  020         010215000000000000000000000  N070115000000000000000000000000000000000000000000000000000000000000000103257095000111AQUALOC                                 RUA CHAPOT PREVOST, 370CENTROITAPERUNARJ            28525990                                                            000002
9                                                                                                                                                                                                                                                                                                                                                                                                         000003
