01REMESSA01COBRANCA       00000000000000463376OBRAS SOCIAIS DO PADRE GERALDO237BRADESCO       050515        MX0000008                                                                                                                                                                                                                                                                                     000001
1000000000000000000000090677700022411                         0000000000000001709700000000002            2  021709      010615000000000000000000000NTN050515000000000000000000000000000000000000000000000000000000000000000100000000000001ADEMIR BRAGA PIMENTEL                   RUA VICENTE CELESTINO, N 321 0 SÃO MATHE            28300000                                                            000002
9                                                                                                                                                                                                                                                                                                                                                                                                         000003
