01REMESSA01COBRANCA       00000000000000000000OBRAS SOCIAIS DO PADRE GERALDO237BRADESCO       080115        MX0000019                                                                                                                                                                                                                                                                                     000001
1000000000000000000000090023700099990                         0000000000000000001100000000002            2  020         010215000000000000000000000  N080115000000000000000000000000000000000000000000000000000000000000000104680969000101AQUINO MAT. CONSTRUÇÃO                  AV.: CAPITÃO ANTÔNIO CARLOS DE SOUZA 0 S            36800000                                                            000002
9                                                                                                                                                                                                                                                                                                                                                                                                         000003
