01REMESSA01COBRANCA       00000000000000000000OBRAS SOCIAIS DO PADRE GERALDO237BRADESCO       080115        MX0000014                                                                                                                                                                                                                                                                                     000001
1000000000000000000000090023700099990                         0000000000000000001100000000002            2  020         010215000000000000000000000  N080115000000000000000000000000000000000000000000000000000000000000000105966911000191AZUL AQUECEDORES                        RODOVIA RJ 116 - KM 39 0 PARQUE VENEZA I            28680000                                                            000002
9                                                                                                                                                                                                                                                                                                                                                                                                         000003
