01REMESSA01COBRANCA       00000000000000000000OBRAS SOCIAIS DO PADRE GERALDO237BRADESCO       080115        MX0000013                                                                                                                                                                                                                                                                                     000001
1000000000000000000000090023700099990                         0000000000000000001100000000002            2  020         010215000000000000000000000  N080115000000000000000000000000000000000000000000000000000000000000000111220533000103BAZAR AVENIDA                           AV. BOA VISTA, 202 0 FAROL DE SÃO TOMÉ I            28140000                                                            000002
9                                                                                                                                                                                                                                                                                                                                                                                                         000003
