01REMESSA01COBRANCA       00000000000000000000OBRAS SOCIAIS DO PADRE GERALDO237BRADESCO       080115        MX0000005                                                                                                                                                                                                                                                                                     000001
1000000000000000000000090023700099990                         0000000000000000001100000000002            2  020         010215000000000150000000000  N080115000000000000000000000000000000000000000000000000000000000000000100000000000000APARAJU                                 AV. LIBERDADE, Nº 300 0 GRUSSAÍ ITAPERUN            28355000                                                            000002
9                                                                                                                                                                                                                                                                                                                                                                                                         000003
