01REMESSA01COBRANCA       00000000000000000000OBRAS SOCIAIS DO PADRE GERALDO237BRADESCO       080115        MX0000017                                                                                                                                                                                                                                                                                     000001
1000000000000000000000090023700099990                         0000000000000000001100000000002            2  020         020215000000000000000000000  N080115000000000000000000000000000000000000000000000000000000000000000103257095000111AQUALOC                                 RUA CHAPOT PREVOST, 37 0 CENTRO ITAPERUN            28525990                                                            000002
9                                                                                                                                                                                                                                                                                                                                                                                                         000003
