01REMESSA01COBRANCA       00000000000004625339OBRAS SOCIAIS DO PADRE GERALDO237BRADESCO       100115        MX0000013                                                                                                                                                                                                                                                                                     000001
1000000000000000000000060677700022411                         0000000000000000001000000000002            2  020         010215000000000000000000000  N100115000000000000000000000000000000000000000000000000000000000000000100000000000000APARAJU                                 AV. LIBERDADE, Nº 300 0 GRUSSAÍ ITAPERUN            28355000                                                            000002
9                                                                                                                                                                                                                                                                                                                                                                                                         000003
