01REMESSA01COBRANCA       00000000000004625339OBRAS SOCIAIS DO PADRE GERALDO237BRADESCO       100115        MX0000009                                                                                                                                                                                                                                                                                     000001
1000000000000000000000060677700022411                         0000000000000000001000000000002            2  020         010215000000000000000000000  N100115000000000000000000000000000000000000000000000000000000000000000127880681000186CONCREBLOK                              AV. ROBERTO SILVEIRA, 2142 0 PRADO ITAPE            28635000                                                            000002
1000000000000000000000060677700022411                         0000000000000000002900000000002            2  020         010215000000000000000000000  N100115000000000000000000000000000000000000000000000000000000000000000113531581000130EDIMAC                                  ROD. WERVERTON VIEIRA SOARES, S/N - LOTE            28540000                                                            000003
1000000000000000000000060677700022411                         0000000000000000003700000000002            2  020         010215000000000000000000000  N100115000000000000000000000000000000000000000000000000000000000000000107880242000166TREVO                                   RJ 116 - KM 103,5 0 TREVO DE CORDEIRO IT            28540000                                                            000004
1000000000000000000000060677700022411                         0000000000000000004500000000002            2  020         010215000000000000000000000  N100115000000000000000000000000000000000000000000000000000000000000000107499291000153GELSON/ELISA                            AV. RUI BARBOSA, 267 0 CENTRO ITAPERUNA             28605050                                                            000005
1000000000000000000000060677700022411                         0000000000000000005300000000002            2  020         010215000000000000000000000  N100115000000000000000000000000000000000000000000000000000000000000000136426237000186SUPER SANTOS                            ESTRADA TERESÓPOLIS/FRIBURGO - KM 28 - S            25977400                                                            000006
1000000000000000000000060677700022411                         0000000000000000006100000000002            2  020         010215000000000000000000000  N100115000000000000000000000000000000000000000000000000000000000000000107774399000107MIRANDA PEDRAS                          ESTRADA RJ - TERESÓPOLIS - KM 127 - S/Nº            25925000                                                            000007
1000000000000000000000060677700022411                         0000000000000000007P00000000002            2  020         010215000000000000000000000  N100115000000000000000000000000000000000000000000000000000000000000000103257095000111AQUALOC                                 RUA CHAPOT PREVOST, 37 0 CENTRO ITAPERUN            28525990                                                            000008
1000000000000000000000060677700022411                         0000000000000000008800000000002            2  020         010215000000000000000000000  N100115000000000000000000000000000000000000000000000000000000000000000113075343000167ITAMAR                                  RUA SEBASTIÃO MARTINS,730 -  LOTE 06 - 0            28635430                                                            000009
1000000000000000000000060677700022411                         0000000000000000009600000000002            2  020         010215000000000000000000000  N100115000000000000000000000000000000000000000000000000000000000000000197372908000168PEDRA SHOW                              ALAMEDA ADOLFO IAGGI, 120 0 OURO PRETO I            28633020                                                            000010
1000000000000000000000060677700022411                         0000000000000000010P00000000002            2  020         010215000000000000000000000  N100115000000000000000000000000000000000000000000000000000000000000000101469123000139JCCENTER                                RUA PEREIRA LOPES, 496 0 CENTRO ITAPERUN            28545000                                                            000011
1000000000000000000000060677700022411                         0000000000000000011800000000002            2  020         010215000000000000000000000  N100115000000000000000000000000000000000000000000000000000000000000000139523642000100LOJÃO DO ABREU                          RUA JOAQUIM DA ROSA PINHEIRO, 99/109 0 J            28633790                                                            000012
1000000000000000000000060677700022411                         0000000000000000012600000000002            2  020         010215000000000000000000000  N100115000000000000000000000000000000000000000000000000000000000000000100426961000162COMERCIAL FILGUEIRA                     RUA EVARISTO DE CASTRO, 23 0 CENTRO ITAP            36860000                                                            000013
1000000000000000000000060677700022411                         0000000000000000013400000000002            2  020         010215000000000000000000000  N100115000000000000000000000000000000000000000000000000000000000000000136482354000167FERMAC                                  RUA WERMELINGER, 40 - LOJAS 110 E 111 0             28650000                                                            000014
1000000000000000000000060677700022411                         0000000000000000014200000000002            2  020         010215000000000000000000000  N100115000000000000000000000000000000000000000000000000000000000000000107267233000102REZEILE                                 AV. AVENIDA PAQUEQUER, 482 0 CENTRO ITAP            28637000                                                            000015
1000000000000000000000060677700022411                         0000000000000000015000000000002            2  020         010215000000000000000000000  N100115000000000000000000000000000000000000000000000000000000000000000128227445000128IRMÃOS MURY                             AV. FRANCISCO LUIZ FERNANDES, 322 0 CONS            28634070                                                            000016
1000000000000000000000060677700022411                         0000000000000000016900000000002            2  020         010215000000000000000000000  N100115000000000000000000000000000000000000000000000000000000000000000132038184000175ITA PISCINAS                            ESTRADA MINEIRA, 1515 - GALPÃO 03 0 CORR            25720252                                                            000017
1000000000000000000000060677700022411                         0000000000000000017700000000002            2  020         010215000000000000000000000  N100115000000000000000000000000000000000000000000000000000000000000000116445114000185SEA BLUE                                ESTRADA UNIÃO INDÚSTRIA, 7752 0 BONSUCES            25730726                                                            000018
1000000000000000000000060677700022411                         0000000000000000018500000000002            2  020         010215000000000000000000000  N100115000000000000000000000000000000000000000000000000000000000000000110868340000192CINCO IRMÃOS                            RUA THOMAS CONSIDERA NETO, 34 0 BEM TE V            28660000                                                            000019
1000000000000000000000060677700022411                         0000000000000000019300000000002            2  020         010215000000000000000000000  N100115000000000000000000000000000000000000000000000000000000000000000100047574534772MÁRIO DA CONCEIÇÃO MACEDO               ESTRADA FRIBURGO/TERESÓPOLIS - KM 03 - 2            28617000                                                            000020
1000000000000000000000060677700022411                         0000000000000000020700000000002            2  020         010215000000000000000000000  N100115000000000000000000000000000000000000000000000000000000000000000109115484000199SEBASTIÃO                               ESTRADA IRENE SOARES TELLES, 40 0 FONTE             25976700                                                            000021
1000000000000000000000060677700022411                         0000000000000000021500000000002            2  020         010215000000000000000000000  N100115000000000000000000000000000000000000000000000000000000000000000104863642000175RÚSTICA                                 RUA KENJI SHIMIZY, 15 0 VARGEM GRANDE IT            25976442                                                            000022
1000000000000000000000060677700022411                         0000000000000000022300000000002            2  020         010215000000000000000000000  N100115000000000000000000000000000000000000000000000000000000000000000106986980000120IRMÃOS CORAGEM                          RUA SALVADOR CIUFFO, 02 0 CENTRO ITAPERU            28460000                                                            000023
1000000000000000000000060677700022411                         0000000000000000023100000000002            2  020         010215000000000000000000000  N100115000000000000000000000000000000000000000000000000000000000000000132205999000100MARMORARAIA NOSSA SENHORA PIEDADE       AV. DEDO DE DEUS, 1650 0 PARQUE IRACEMA             25940000                                                            000024
1000000000000000000000060677700022411                         0000000000000000024P00000000002            2  020         010215000000000000000000000  N100115000000000000000000000000000000000000000000000000000000000000000117222478000169DANIEL MURY                             RUA ANTÔNIO XAVIER MAIA, 590 0 PENHA ITA            28400000                                                            000025
1000000000000000000000060677700022411                         0000000000000000025800000000002            2  020         010215000000000000000000000  N100115000000000000000000000000000000000000000000000000000000000000000111125888000105VALDEK                                  AV. ÁLVARO LEITE ABREU, S/Nº - LOTE 01 -            28470000                                                            000026
1000000000000000000000060677700022411                         0000000000000000026600000000002            2  020         010215000000000000000000000  N100115000000000000000000000000000000000000000000000000000000000000000111180964000185BETINHO CHURRASQUEIRAS                  RUA CABO FRIO, 02 0 SAMBURA ITAPERUNA RJ            28900000                                                            000027
1000000000000000000000060677700022411                         0000000000000000027400000000002            2  020         010215000000000000000000000  N100115000000000000000000000000000000000000000000000000000000000000000115029274000180CONSTRULEITE                            RUA JÍLIO KEZEN, S/Nº 0 CENTRO ITAPERUNA            28470000                                                            000028
1000000000000000000000060677700022411                         0000000000000000028200000000002            2  020         010215000000000000000000000  N100115000000000000000000000000000000000000000000000000000000000000000128202687000167SOUZA E ARAÚJO                          RUA JOAQUIM DA MOTA SOBRINHO, 126 0 CENT            28230000                                                            000029
1000000000000000000000060677700022411                         0000000000000000029000000000002            2  020         010215000000000000000000000  N100115000000000000000000000000000000000000000000000000000000000000000104613902000154FRIAÇA                                  RUA DEPUTADO CARLOS PINTO FILHO, 74 0 CE            28390000                                                            000030
1000000000000000000000060677700022411                         0000000000000000030400000000002            2  020         010215000000000000000000000  N100115000000000000000000000000000000000000000000000000000000000000000103310811000187CENTRÃO                                 RUA JOÃO SEBASTIÃO DE AMORIM, 121 0 CENT            36830970                                                            000031
1000000000000000000000060677700022411                         0000000000000000031200000000002            2  020         010215000000000000000000000  N100115000000000000000000000000000000000000000000000000000000000000000106556505000113VALDECI                                 RODOVIA CORONEL LEÔNCIO VIEIRA DE ANDRAD            29390000                                                            000032
1000000000000000000000060677700022411                         0000000000000000032000000000002            2  020         010215000000000000000000000  N100115000000000000000000000000000000000000000000000000000000000000000111111524000176SAUNAS DA SERRA                         RUA ENGENHEIRO HANS GAISER, 134 0 CENTRO            28605220                                                            000033
1000000000000000000000060677700022411                         0000000000000000033900000000002            2  020         010215000000000000000000000  N100115000000000000000000000000000000000000000000000000000000000000000127028240000150REAGEL                                  RUA JOSÉ DE CASTRO, 13 0 PRES. COSTA E S            28300000                                                            000034
1000000000000000000000060677700022411                         0000000000000000034700000000002            2  020         010215000000000000000000000  N100115000000000000000000000000000000000000000000000000000000000000000114024837000185POINT DAS PEDRAS                        RODOVIA AMARAL PEIXOTO, S/Nº QUADRA 24 L            28890000                                                            000035
1000000000000000000000060677700022411                         0000000000000000035500000000002            2  020         010215000000000000000000000  N100115000000000000000000000000000000000000000000000000000000000000000115118172000131PEDREGULHO                              RODOVIA AMARAL PEIXOTO, 2020 - KM 137 0             28927973                                                            000036
1000000000000000000000060677700022411                         0000000000000000036300000000002            2  020         010215000000000000000000000  N100115000000000000000000000000000000000000000000000000000000000000000111383235000126VIVA BEM                                RODOVIA AMARAL PEIXOTO, 130 0 UNAMAR ITA            28927000                                                            000037
1000000000000000000000060677700022411                         0000000000000000037100000000002            2  020         010215000000000000000000000  N100115000000000000000000000000000000000000000000000000000000000000000109292938000105TONINHO TELHAS                          AV. JANE MARIA MARTINS FIGUEIRA, S/Nº 0             28890000                                                            000038
1000000000000000000000060677700022411                         0000000000000000038P00000000002            2  020         010215000000000000000000000  N100115000000000000000000000000000000000000000000000000000000000000000101782316000145MADEIREIRA CUNHA                        AV. JANE MARIA MARTINS FIGUEIRA, S/Nº -             28896000                                                            000039
1000000000000000000000060677700022411                         0000000000000000039800000000002            2  020         010215000000000000000000000  N100115000000000000000000000000000000000000000000000000000000000000000139276407000181JOSÉ RICARDO FOSSE DE SOUZA - ME        AV. DIMAS BATISTA PEREIRA, 536 0 CENTRO             29550000                                                            000040
1000000000000000000000060677700022411                         0000000000000000040100000000002            2  020         010215000000000000000000000  N100115000000000000000000000000000000000000000000000000000000000000000127752591000100CASA DO AGRICULTOR                      AV. EWERSON DE ABREU SODRÉ, 141 0 MUQUIÇ            29200000                                                            000041
1000000000000000000000060677700022411                         0000000000000000041P00000000002            2  020         010215000000000000000000000  N100115000000000000000000000000000000000000000000000000000000000000000110708780000182PACHECO                                 RUA BANGU - LOJA 1 - LOTE 12 - QUADRA A             28890000                                                            000042
1000000000000000000000060677700022411                         0000000000000000042800000000002            2  020         010215000000000000000000000  N100115000000000000000000000000000000000000000000000000000000000000000107267816000125CASA VERMELHA                           RUA DAS CASUARINAS, 195 0 PRAIA DO ÂNCOR            28890000                                                            000043
1000000000000000000000060677700022411                         0000000000000000043600000000002            2  020         010215000000000000000000000  N100115000000000000000000000000000000000000000000000000000000000000000101563330000158BELLAS PEDRAS                           AV. JOSÉ BENTO RIBEIRO DANTAS, 2581 0 MA            28950000                                                            000044
1000000000000000000000060677700022411                         0000000000000000044400000000002            2  020         010215000000000000000000000  N100115000000000000000000000000000000000000000000000000000000000000000102593064000179MARMORARIA SÃO CRISTOVÃO                AV. WILSON MENDES - LOTE 15 - QUADRA 18             28940000                                                            000045
1000000000000000000000060677700022411                         0000000000000000045200000000002            2  020         010215000000000000000000000  N100115000000000000000000000000000000000000000000000000000000000000000101820425000100FUNDIFER                                AV. JOAQUIM NOGUEIRA, 27 0 SÃO CRISTOVÃO            28909490                                                            000046
1000000000000000000000060677700022411                         0000000000000000046000000000002            2  020         010215000000000000000000000  N100115000000000000000000000000000000000000000000000000000000000000000105333227000172MÁRCIA                                  ESTRADA DA FIGUEIRA, 20 0 MONTE ALTO ITA            28930000                                                            000047
1000000000000000000000060677700022411                         0000000000000000047900000000002            2  020         010215000000000000000000000  N100115000000000000000000000000000000000000000000000000000000000000000150351014000985FLORARTE                                RUA CARANGOLA, 766 0 CENTRO ITAPERUNA RJ            36830000                                                            000048
1000000000000000000000060677700022411                         0000000000000000048700000000002            2  020         010215000000000000000000000  N100115000000000000000000000000000000000000000000000000000000000000000125236721000119CASA DO FAZENDEIRO                      AV. DR TANCREDO LOPES, 1064 0 MORADA DO             28380000                                                            000049
1000000000000000000000060677700022411                         0000000000000000049500000000002            2  020         010215000000000000000000000  N100115000000000000000000000000000000000000000000000000000000000000000100771821000121FÁTIMA PEDRAS                           RODOVIA AMARAL PEIXOTO - KM 17 - LOJA 02            24900000                                                            000050
1000000000000000000000060677700022411                         0000000000000000050900000000002            2  020         010215000000000000000000000  N100115000000000000000000000000000000000000000000000000000000000000000105966911000191AZUL AQUECEDORES                        RODOVIA RJ 116 - KM 39 0 PARQUE VENEZA I            28680000                                                            000051
1000000000000000000000060677700022411                         0000000000000000051700000000002            2  020         010215000000000000000000000  N100115000000000000000000000000000000000000000000000000000000000000000139532551000131OURO MEL                                RODOVIA AMARAL PEIXOTO - KM 81,5 - LOJA             28970000                                                            000052
1000000000000000000000060677700022411                         0000000000000000052500000000002            2  020         010215000000000000000000000  N100115000000000000000000000000000000000000000000000000000000000000000113505710000115PROJECT BRASIL                          RJ 116 - KM 20 - Nº 601 0 PAPUCAIA ITAPE            28680000                                                            000053
1000000000000000000000060677700022411                         0000000000000000053300000000002            2  020         010215000000000000000000000  N100115000000000000000000000000000000000000000000000000000000000000000107123810000184ALVORADA                                RODOVIA AMARAL PEIXOTO - KM 64 0 ALVORAD            28993000                                                            000054
1000000000000000000000060677700022411                         0000000000000000054100000000002            2  020         010215000000000000000000000  N100115000000000000000000000000000000000000000000000000000000000000000117940638000105W N I                                   RUA MANOEL JOÃO DE ABREU, 01 - QUADRA 1             24890000                                                            000055
1000000000000000000000060677700022411                         0000000000000000055P00000000002            2  020         010215000000000000000000000  N100115000000000000000000000000000000000000000000000000000000000000000119609048000120CASA VIDA E LAZER                       ESTRADA RJ 116 - KM 50 0 TABOADO ITAPERU            28680000                                                            000056
1000000000000000000000060677700022411                         0000000000000000056800000000002            2  020         010215000000000000000000000  N100115000000000000000000000000000000000000000000000000000000000000000103927567000104MARMORARIA BEIRA RIO                    AV. BARTOLOMEU LYSANDRO, 1070 0 JARDIM C            28080390                                                            000057
1000000000000000000000060677700022411                         0000000000000000057600000000002            2  020         010215000000000000000000000  N100115000000000000000000000000000000000000000000000000000000000000000116747154000181O L K                                   AV. TARCISIO MIRANDA, 783 0 PQ TARCÍSIO             28020801                                                            000058
1000000000000000000000060677700022411                         0000000000000000058400000000002            2  020         010215000000000000000000000  N100115000000000000000000000000000000000000000000000000000000000000000105784139000197ALCANCE                                 AV. SALIME NACIF, 104 0 BAIXADA ITAPERUN            36900000                                                            000059
1000000000000000000000060677700022411                         0000000000000000059200000000002            2  020         010215000000000000000000000  N100115000000000000000000000000000000000000000000000000000000000000000110364587000171CAMPOS BAZAR                            RUA MARICÁ, 02 0 GUARÚS ITAPERUNA RJ                28073010                                                            000060
1000000000000000000000060677700022411                         0000000000000000060600000000002            2  020         010215000000000000000000000  N100115000000000000000000000000000000000000000000000000000000000000000112045968000113MÁRIO MATERIAL DE CONSTRUÇÃO            RODOVIA SOUTO MAIOR , 119 0 GOYTACAZES I            28110000                                                            000061
1000000000000000000000060677700022411                         0000000000000000061400000000002            2  020         010215000000000000000000000  N100115000000000000000000000000000000000000000000000000000000000000000102764903000174MARMORARIA CAROL                        AV. ABÍLIO AUGUSTO TÁVORA, 1580 0 CENTRO            26255320                                                            000062
1000000000000000000000060677700022411                         0000000000000000062200000000002            2  020         010215000000000000000000000  N100115000000000000000000000000000000000000000000000000000000000000000111220533000103BAZAR AVENIDA                           AV. BOA VISTA, 202 0 FAROL DE SÃO TOMÉ I            28140000                                                            000063
1000000000000000000000060677700022411                         0000000000000000063000000000002            2  020         010215000000000000000000000  N100115000000000000000000000000000000000000000000000000000000000000000118087748000139CANTINHO DO PRODUTOR                    RUA GERALDINO SILVA, S/Nº - 0 PURILÂNDIA            28396000                                                            000064
1000000000000000000000060677700022411                         0000000000000000064900000000002            2  020         010215000000000000000000000  N100115000000000000000000000000000000000000000000000000000000000000000132597437000140BAZAR MARIOZINHO                        RUA ANTÔNIO DE SOUZA MOÇO, 21 0 FAROL DE            28140000                                                            000065
1000000000000000000000060677700022411                         0000000000000000065700000000002            2  020         010215000000000000000000000  N100115000000000000000000000000000000000000000000000000000000000000000100000000000000REAL                                    ITAPERUNA 0 CENTRO ITAPERUNA RJ                     28300000                                                            000066
1000000000000000000000060677700022411                         0000000000000000066500000000002            2  020         010215000000000000000000000  N100115000000000000000000000000000000000000000000000000000000000000000100000000000000MARQUINHO                               RUA JOÃO DE SOUZA PAES, 20 0 FÁTIMA ITAP            28300000                                                            000067
1000000000000000000000060677700022411                         0000000000000000067300000000002            2  020         010215000000000000000000000  N100115000000000000000000000000000000000000000000000000000000000000000139695432000108BAZAR MACHADO                           RUA DO CONFISCO, S/N 0 GRUSSAÍ ITAPERUNA            28220000                                                            000068
1000000000000000000000060677700022411                         0000000000000000068100000000002            2  020         010215000000000000000000000  N100115000000000000000000000000000000000000000000000000000000000000000108281567000195FERREIRA MATERIAL DE CONSTRUÇÃO         RUA DAVID VIEIRA NEY, 491 0 CENTRO ITAPE            28455000                                                            000069
1000000000000000000000060677700022411                         0000000000000000069P00000000002            2  020         010215000000000000000000000  N100115000000000000000000000000000000000000000000000000000000000000000112313018000132MARMORARIA MARILÉA                      AV. JANE MARTINS FIGUEIRA, LOTE 02 QUADR            28890000                                                            000070
1000000000000000000000060677700022411                         0000000000000000070300000000002            2  020         010215000000000000000000000  N100115000000000000000000000000000000000000000000000000000000000000000108216192000180R. GOMES                                RUA : A. CHACARAS DO CAJUEIRO, S/N 0 CAJ            28200000                                                            000071
1000000000000000000000060677700022411                         0000000000000000071100000000002            2  020         010215000000000000000000000  N100115000000000000000000000000000000000000000000000000000000000000000110407093000127VITÓRIA MIX                             AV. TANCREDO NEVES, 80 0 JARDIM CARIOCA             28080420                                                            000072
1000000000000000000000060677700022411                         0000000000000000072P00000000002            2  020         010215000000000000000000000  N100115000000000000000000000000000000000000000000000000000000000000000111220533000103P.G. BARRETO                            AV. BOA VISTA, 202 0 FAROL DE SÃO TOMÉ I            28030002                                                            000073
1000000000000000000000060677700022411                         0000000000000000073800000000002            2  020         010215000000000000000000000  N100115000000000000000000000000000000000000000000000000000000000000000100014450369750BRUNO GOMES MACHADO                     AV. BOA VISTA, 202 0 FAROL DE SÃO TOMÉ I            28030002                                                            000074
1000000000000000000000060677700022411                         0000000000000000074600000000002            2  020         010215000000000000000000000  N100115000000000000000000000000000000000000000000000000000000000000000100000000000000ÊXITO MATERIAL DE CONSTRUÇÃO            AV. SETE DE SETEMBRO, 166 0 CENTRO ITAPE            28400000                                                            000075
1000000000000000000000060677700022411                         0000000000000000075400000000002            2  020         010215000000000000000000000  N100115000000000000000000000000000000000000000000000000000000000000000100000000000000APARAJU                                 AV. LIBERDADE, Nº 300 0 GRUSSAÍ ITAPERUN            28355000                                                            000076
1000000000000000000000060677700022411                         0000000000000000076200000000002            2  020         010215000000000000000000000  N100115000000000000000000000000000000000000000000000000000000000000000100000000000000PAULO ROBERTO DE LIMA                   CABO FRIO 0 CENTRO ITAPERUNA RJ                     28000000                                                            000077
1000000000000000000000060677700022411                         0000000000000000077000000000002            2  020         010215000000000000000000000  N100115000000000000000000000000000000000000000000000000000000000000000100000000000000RITA E AURÉLIO                          CABO FRIO 0 CENTRO ITAPERUNA RJ                     00000000                                                            000078
1000000000000000000000060677700022411                         0000000000000000078900000000002            2  020         010215000000000000000000000  N100115000000000000000000000000000000000000000000000000000000000000000105169334000107SANTOS MATERIAIS DE CONSTRUÇÃO          RUA: BARÃO DE MONTE CEDRO, 96 0 CAXIAS I            28735000                                                            000079
1000000000000000000000060677700022411                         0000000000000000079700000000002            2  020         010215000000000000000000000  N100115000000000000000000000000000000000000000000000000000000000000000110502678000126ITABLOCOS                               RUA : JOSÉ LUIZ MARINHO, 368 0 INDUSTRIA            28250000                                                            000080
1000000000000000000000060677700022411                         0000000000000000080000000000002            2  020         010215000000000000000000000  N100115000000000000000000000000000000000000000000000000000000000000000102196454000105DIRLENE                                 ROD BR 101 - Nº 693 0 CENTRO ITAPERUNA R            28860000                                                            000081
1000000000000000000000060677700022411                         0000000000000000081900000000002            2  020         010215000000000000000000000  N100115000000000000000000000000000000000000000000000000000000000000000108281567000195UBAENSE MATERIALDE CONSTRUÇÃO           RUA: DAVID VIEIRA NEY, 491 0 CENTRO ITAP            28455000                                                            000082
1000000000000000000000060677700022411                         0000000000000000082700000000002            2  020         010215000000000000000000000  N100115000000000000000000000000000000000000000000000000000000000000000114072556000106MERRECA MATERIAL DE CONSTRUÇÃO          ESTRADA DO GALINHEIRO 0 CAJUEIRO ITAPERU            28200000                                                            000083
1000000000000000000000060677700022411                         0000000000000000083500000000002            2  020         010215000000000000000000000  N100115000000000000000000000000000000000000000000000000000000000000000119256035000114DEGRILL - BOM JESUS                     AV.: JOSÉ DE OLIVEIRA BORGES, 615 - LOJA            28360000                                                            000084
1000000000000000000000060677700022411                         0000000000000000084300000000002            2  020         010215000000000000000000000  N100115000000000000000000000000000000000000000000000000000000000000000121174092000104DEGRILL - ITAPERUNA                     RUA: CORONEL JOSÉ BASTOS, S/Nº 0 AEROPOR            28300000                                                            000085
1000000000000000000000060677700022411                         0000000000000000085100000000002            2  020         010215000000000000000000000  N100115000000000000000000000000000000000000000000000000000000000000000100001761132741RICHARD CARNEIRO FERREIRA               RUA: DAVID VIEIRA NEY, 491 0 CENTRO ITAP            28455000                                                            000086
1000000000000000000000060677700022411                         0000000000000000086P00000000002            2  020         010215000000000000000000000  N100115000000000000000000000000000000000000000000000000000000000000000104680969000101AQUINO MAT. CONSTRUÇÃO                  AV.: CAPITÃO ANTÔNIO CARLOS DE SOUZA 0 S            36800000                                                            000087
1000000000000000000000060677700022411                         0000000000000000087800000000002            2  020         010215000000000000000000000  N100115000000000000000000000000000000000000000000000000000000000000000108974721000104L. DA SILVA PINTO - M.E.                AV. ANTÔNIO MÁRIO AZEVEDO, 1880 0 CONQUI            28630310                                                            000088
1000000000000000000000060677700022411                         0000000000000000088600000000002            2  020         010215000000000000000000000  N100115000000000000000000000000000000000000000000000000000000000000000121254733000122DEGRILL - CAMPOS                        AV. PRINCESA ISABEL, 183/185 0 PARQUE RO            28024150                                                            000089
1000000000000000000000060677700022411                         0000000000000000089400000000002            2  020         010215000000000000000000000  N100115000000000000000000000000000000000000000000000000000000000000000100000000000000VENDA A VISTA                           F 0  ITAPERUNA RJ                                                                                                       000090
1000000000000000000000060677700022411                         0000000000000000090800000000002            2  020         010215000000000000000000000  N100115000000000000000000000000000000000000000000000000000000000000000100012171148748MAKLANE ALVES DA SILVA BRAGA HENRIQUE   RUA ACYR RANGEL COUTINHO, N 42 0 PQ INDU            28250000                                                            000091
9                                                                                                                                                                                                                                                                                                                                                                                                         000092
