01REMESSA01COBRANCA       00000000000004625339OBRAS SOCIAIS DO PADRE GERALDO237BRADESCO       100115        MX0000008                                                                                                                                                                                                                                                                                     000001
1000000000000000000000060677700022411                         0000000000000000001000000000002            2  020         010215000000000000000000000  N100115000000000000000000000000000000000000000000000000000000000000000104680969000101AQUINO MAT. CONSTRUÇÃO                  AV.: CAPITÃO ANTÔNIO CARLOS DE SOUZA 0 S            36800000                                                            000002
9                                                                                                                                                                                                                                                                                                                                                                                                         000003
