01REMESSA01COBRANCA       00000000000004625339OBRAS SOCIAIS DO PADRE GERALDO237BRADESCO       120115        MX0000016                                                                                                                                                                                                                                                                                     000001
1000000000000000000000060677700022411                         0000000000000000001000000000002            2  020         280115000000000150000000000  N120115000000000000000000000000000000000000000000000000000000000000000103257095000111AQUALOC                                 RUA CHAPOT PREVOST, 37 0 CENTRO ITAPERUN            28525990                                                            000002
9                                                                                                                                                                                                                                                                                                                                                                                                         000003
