01REMESSA01COBRANCA       00000000000000463376OBRAS SOCIAIS DO PADRE GERALDO237BRADESCO       130115        MX0000017                                                                                                                                                                                                                                                                                     000001
1000000000000000000000990677700022411                         0000000000000000001500000000002            2  020         010215000000000000000000000  N130115000000000000000000000000000000000000000000000000000000000000000100000000000001ANNA CAROLINA CORREA BRUM               RUA MANOEL CUSTODIO, N 960 0 AEROPORTO I            28300000                                                            000002
9                                                                                                                                                                                                                                                                                                                                                                                                         000003
