01REMESSA01COBRANCA       00000000000000463376OBRAS SOCIAIS DO PADRE GERALDO237BRADESCO       140115        MX0000004                                                                                                                                                                                                                                                                                     000001
1000000000000000000000090677700022411                         0000000000000000001100000000002            2  026         300115000000000000000000000NTN140115000000000000000000000000000000000000000000000000000000000000000100000000000001VITOR FERREIRA RODRIGUES                RUA ACADEMICO JOSE LUIZ, N 185 0 AEROPOR            28300000                                                            000002
9                                                                                                                                                                                                                                                                                                                                                                                                         000003
