01REMESSA01COBRANCA       00000000000000463376OBRAS SOCIAIS DO PADRE GERALDO237BRADESCO       160115        MX0000026                                                                                                                                                                                                                                                                                     000001
1000000000000000000000990677700022411                         0000000000000000003100000000002            2  02405       010215000000000000000000000NTN160115000000000000000000000000000000000000000000000000000000000000000132597437000140BAZAR MARIOZINHO                        RUA ANTÔNIO DE SOUZA MOÇO, 21 0 FAROL DE            28140000                                                            000002
9                                                                                                                                                                                                                                                                                                                                                                                                         000003
