01REMESSA01COBRANCA       00000000000000463376OBRAS SOCIAIS DO PADRE GERALDO237BRADESCO       160115        MX0000021                                                                                                                                                                                                                                                                                     000001
1000000000000000000000990677700022411                         0000000000000000001500000000002            2  02400       010215000000000000000000000NTN160115000000000000000000000000000000000000000000000000000000000000000104680969000101AQUINO MAT. CONSTRUÇÃO                  AV.: CAPITÃO ANTÔNIO CARLOS DE SOUZA 0 S            36800000                                                            000002
9                                                                                                                                                                                                                                                                                                                                                                                                         000003
