01REMESSA01COBRANCA       00000000000000463376OBRAS SOCIAIS DO PADRE GERALDO237BRADESCO       160115        MX0000024                                                                                                                                                                                                                                                                                     000001
1000000000000000000000990677700022411                         0000000000000000001500000000002            2  02403       010215000000000000000000000NTN160115000000000000000000000000000000000000000000000000000000000000000139695432000108BAZAR MACHADO                           RUA DO CONFISCO, S/N 0 GRUSSAÍ ITAPERUNA            28220000                                                            000002
9                                                                                                                                                                                                                                                                                                                                                                                                         000003
