01REMESSA01COBRANCA       00000000000000463376OBRAS SOCIAIS DO PADRE GERALDO237BRADESCO       160115        MX0000018                                                                                                                                                                                                                                                                                     000001
1000000000000000000000990677700022411                         0000000000000000001500000000002            2  02397       010215000000000000000000000NTN160115000000000000000000000000000000000000000000000000000000000000000103257095000111AQUALOC                                 RUA CHAPOT PREVOST, 37 0 CENTRO ITAPERUN            28525990                                                            000002
9                                                                                                                                                                                                                                                                                                                                                                                                         000003
