01REMESSA01COBRANCA       00000000000000463376OBRAS SOCIAIS DO PADRE GERALDO237BRADESCO       200115        MX0000027                                                                                                                                                                                                                                                                                     000001
1000000000000000000000990677700022411                         0000000000000000004P00000000002            2  02407       010215000000000000000000000NTN200115000000000000000000000000000000000000000000000000000000000000000139695432000108BAZAR MACHADO                           RUA DO CONFISCO, S/N 0 GRUSSAÕ S„O JO„O             28220000                                                            000002
9                                                                                                                                                                                                                                                                                                                                                                                                         000003
