01REMESSA01COBRANCA       00000000000004625339OBRAS SOCIAIS DO PADRE GERALDO237BRADESCO       100115        MX0000002                                                                                                                                                                                                                                                                                     000001
1000000000000000000000060677700022411                         0000000000000000001000000000002            2  020         010215000000000200000000000  N100115000000000000000000000000000000000000000000000000000000000000000132597437000140BAZAR MARIOZINHO                        RUA ANTÔNIO DE SOUZA MOÇO, 21 0 FAROL DE            28140000                                                            000002
9                                                                                                                                                                                                                                                                                                                                                                                                         000003
