01REMESSA01COBRANCA       00000000000004625339OBRAS SOCIAIS DO PADRE GERALDO237BRADESCO       100115        MX0000010                                                                                                                                                                                                                                                                                     000001
1000000000000000000000060677700022411                         0000000000000000001000000000002            2  020         010215000000000000000000000  N100115000000000000000000000000000000000000000000000000000000000000000139695432000108BAZAR MACHADO                           RUA DO CONFISCO, S/N 0 GRUSSAÍ ITAPERUNA            28220000                                                            000002
9                                                                                                                                                                                                                                                                                                                                                                                                         000003
