01REMESSA01COBRANCA       00000000000004625339OBRAS SOCIAIS DO PADRE GERALDO237BRADESCO       100115        MX0000001                                                                                                                                                                                                                                                                                     000001
1000000000000000000000060677700022411                         0000000000000000001000000000002            2  020         010215000000000150000000000  N100115000000000000000000000000000000000000000000000000000000000000000105966911000191AZUL AQUECEDORES                        RODOVIA RJ 116 - KM 39 0 PARQUE VENEZA I            28680000                                                            000002
9                                                                                                                                                                                                                                                                                                                                                                                                         000003
