01REMESSA01COBRANCA       00000000000004625339OBRAS SOCIAIS DO PADRE GERALDO237BRADESCO       100115        MX0000014                                                                                                                                                                                                                                                                                     000001
1000000000000000000000060677700022411                         0000000000000000001000000000002            2  020         010215000000000000000000000  N100115000000000000000000000000000000000000000000000000000000000000000111220533000103BAZAR AVENIDA                           AV. BOA VISTA, 202 0 FAROL DE SÃO TOMÉ I            28140000                                                            000002
9                                                                                                                                                                                                                                                                                                                                                                                                         000003
