01REMESSA01COBRANCA       00000000000000463376OBRAS SOCIAIS DO PADRE GERALDO237BRADESCO       160115        MX0000020                                                                                                                                                                                                                                                                                     000001
1000000000000000000000990677700022411                         0000000000000000001500000000002            2  02399       010215000000000000000000000NTN160115000000000000000000000000000000000000000000000000000000000000000105966911000191AZUL AQUECEDORES                        RODOVIA RJ 116 - KM 39 0 PARQUE VENEZA I            28680000                                                            000002
9                                                                                                                                                                                                                                                                                                                                                                                                         000003
