01REMESSA01COBRANCA       00000000000000463376OBRAS SOCIAIS DO PADRE GERALDO237BRADESCO       190115        MX0000026                                                                                                                                                                                                                                                                                     000001
1000000000000000000000990677700022411                         0000000000000000003100000000002            2  02406       010215000000000000000000000NTN190115000000000000000000000000000000000000000000000000000000000000000113531581000130EDIMAC                                  ROD. WERVERTON VIEIRA SOARES, S/N - LOTE            28540000                                                            000002
9                                                                                                                                                                                                                                                                                                                                                                                                         000003
